1113143344333233343343114323343311233433112412224413111122233212314213211131144424434342234131112214234324134414342432231312242343442244414113423324234114314224124314243334144242121344232114342233224443222422141234341344
1233142424232343434344341124444422312121143212231333134112112134412411114311321413213141224132313411211124342222141213123442324222432143212422413421242313324411241422421432121332323343131113144412223334313314232222444432
2313411334143141221432343111333131214223423134412142144141433434334222224244341141424414442242324212141212231414441211231232344134242221333314433242344111113343422313424321432114114232332132241144134134411134241212211443
1344411343413224223113442132411141243442321343143211214142441113322144441221414232334131231331113121411134431423124442424231434233114143414224231123142233114232323331131243342311321143444441313231314143434413423144111342
1434221334314211313432213412321241421133411232241312134142134443142414334112111432143443431324134322134231412414414242214442224143431423342222444232323114441443333323133412413244113242433314111424114211232211334232231113
3323344242241112133322431131342433313111124213231132242123312141413331213243442433431343422221431431321442344333124314312323213411431331443214121323242213134132141312433324314313323142411343312311421432132424144142244442
4342211413111243141114444142331324132112322321444232311124342143433121212414322131314214231424244241241233421142424112124144131114314342244221313324431443413114241212234123441113413322113312131234442341132334424243232211
4414141343312224241433222231121244222231324414414442232433342231333431122411432244444331444344343411111122321431334241312332431321122144213142441114212123222131342314141323422313223441422113333233121444332333412214232111
1334223323122411231144211414411122341313314234221242133443121144411242344324412343242321313333422141221133331314413113311332333431133121324414322142432111342113242314231341212234222111144332221244432341433424431443422231
3312234323411113311131323223424422114331441314122443243311111342241434214334231431134334441213344332433141213344142121123121223323242441322412222213231223133142214133224234223114233144142223434124413234423314344412431341
1122131144142423324223431434314312411423411421312444141343243231121133334432223224421323321212311123341423342244334434222132413121333111321431322431241113112214443232213121211111441112113234243331231343423312322224341121
238151245215841283378751233363155686265386211811282854372615185543838355711882866856481136763141413145618671882463652424756468738744562334114387324742335541673816671217711163572462668161684287447477364732471232174435657228855211237717517548788661434385624334738776363648511531232111871854354116855713328672872638383441647348135577671275348587516825426221276435868677253252848712651351252625472448718642486667217464647721148166454473134657564241645286575423685486631332812344546634166678317882726768851888622531248826313785817161365756415827437576315778517178562338778882423115828332234812136447746544128663388118263475722334671411823651278121477451
848831342626822337285456724385523175568457648762333676557473375762314482553552261542466422888263736158158348831267586586486187714334475632421732545345672274486841676581224487156668838282834433865176311257687241146767584278817127321247311118151634513664485757156546666174181213224884872535472223872635751744176242761335512425314584323316628873741875568283377286188364677735648438248588353631167477265272826615653526444432654317582264753257386186842314723672135115364535445435435122124158167352448588171483342828486836611238236254163187146414346532384441871538733288428661462187736322154714237835616273557458382765135627568477534715348666378854473881
443551584355628731255414828336333252186237814574613654666754583675154671833114571655866334886225554735613517515544715454628367423312125268457447327368428613465687354163847757665327476333568468624461367663663633844684176437745225623715812271732554681711422573425744273188846648757161421785485676557311166732451482268283541114817282178826777146535268536143257184578618516717351526334228227137878844811567267472783363215667464342226353665216456273555868143642173225711433641641647147363343536151634237888815365342648812748433536234113576584882515683876666874483535337454588878223738465361162645687781645375867118233711617523724112884743867875222226853
385522751777181215188356712153443328576673467175714511145785447233772527214738865136182132556465512167726532541136411682582147746571555815837688123654611848145343684315332266255885777416652256276411582877563734144732735116111448373841838636672178818337377554838542461775235146844777841522865774243351653661778277725331411388446214373774135277435667471175132268546218638754725538142333856676714112784146265481581146154176572785742447113353654735627221712611563562858881556558417523766332828674366655728247723441336376766748826167853658448463216638564321538473485538384731765261415152626338871121674431746385835175252581835747765234343574784676557272
746876357622247878222733287386557336852588881388637341776276252765547346423428435675578651142375388231537456524144562871551887382662762317714748483448212624232648284755736183118118756151836777216774158215718878255625765542773362527611847165485365721411735637817731552233882874872181723765568265343543168613357388478247252716657635117366124734513652785364878454433844763278472816141182676486866733661218121621731837736664768341464754361314758324742732747518576482264858511165453571817875373522571364748112766412735432816417834711255322364712724446736764271816477454482548536718461347153734734345348275427461687521816734146587186811614864345417642111
356177323251758233215544741153611886885575212187433744687781855474523654845462567748513112523575588884788166552285757154874126667632571441257128437435452815752652612526684326452435784762434815785138177741181844154856627226675531724835352755752227715766144572438216337113455647571674582373418386356284784844841174333344115815537116656523384618187521783855257843364145265476265844435374572426518716113717681872584858246781711348757271458776748522161733244648267436367126164814471415168262588474326444565745657784428178733611735253111331485447454161182378777576252832574127338577541475821175332485152813637783873348372381566261613547763347841117443567
615832524228223288832253161873326655731628568625471446278567446856648322121118617438277487576187387533643271222457662165842456178146713288333761676314437464545811264248744361265542275843568738245246354171678554153874536123258852668552514125131462553533513381777632837488582217384245166534653511377156774257341265877635868831136638841683564171511558466852688278348181831518244854727165114254738751858652531556613277131321758211371535731528744568756286186378452647326254275632484853484361155287486625283661464587441263753628576867444642571658536532685734144515564372653333548727847451733564284748411781514328283445682431252641672433464831828546126313
811574413577534382152422854768128434714462422415113778863127616667428864351372533428484852188663841635733455254152472526471388431731822815565476827335887248518386125166336658841751623558662867743368787843166348533546538684413332743238818155621651543576838886773242513258737166876512824833717474841883728456123443378533457268583757635364633812827183434716282385857113432182336778474118448632584884246287743221521235186435428564855823742382672754465832333161773575767737646681553523585628426437383421571843147525768211566184555417315455863513112722786487652476121744385386441435278172344222887232476711273731545151885183372145725722282134237354553575
314654267823814321255754126812546363656843686883616775537443325272611343546375126872284273531245788588154152223636154655748415776238787648763524436452841414735386531821317365612713467151156228128633188464564822144671755554813827216177286488538841748754633776665834482344137836638417451183457325682315868227862832527182857355385385111752572475386767663872142783335731256225611163827848681782255623328271271417642328334841748254821267788737452562853448378547613711332181731751646352822337142232754511462622822236468236687545827645567611288531245375664744843813153687641643118314217127827635828777554127344178637375226552232513341786746554625255145153
623428368615555452231743835673416817573262272848241866866362238853112727841614344425768438123724871147256847725431356378254538341831858723581385357853147774711365641876241336142747152771154851388878731115134285617368643213413342166471477352633543868835127842484328435572212478631721688562486638232232515144565428662546757681416628574878252744522655455246588716584177882474168247555785363525346777352165363722768246153482148178183688862253281482856654756267121644725874288278432145335247742585568836565182
731618657314535542686832114488447168546851684512371417558753454362462757233818353216762217811848721156132166354117331211756227226317335351211845145551186167817348863788165364851716813646716573456776467146421332354877122783878776822481452818867582377227548657843856566712252264717566584477113235122687558588225238676226647718711332666232237863687275148124717821251314642311242514357286213823644228678774448528128377626855234375133388681576535357588258877311716757456275378176875241588517583813652843247413
216512814845124262271226432624622731341643427682812254138832328387348746648814655815572474361515823864462713374717462747244822378363757812433675241754855137288745621378157465751562644532142213236712268442317632213267323563376163234713832355873782664422333762655868377188666252312783244765343884561136583672247244645351212657468653523821533666858134162114487374377811483372344414386455141154345245776815457541245753781413623157825247538551115513183367716822446464348214242185156154866176434138267531574176
538311235872434645455445143515821143636556125833764373522565647515555642358383813586443227783825337515884335382888525255154551575115376642447888487645878171231276388818778814338355768676845715462321784167421561284683541218276561273138151616664224474628884655237234235672672845184886165442777877148658428184867442873282141378286236446423632574717838311681887266341121312156153278665174762464267625483374615362665148586583588885671721214318382727881526887416455485538726138415282282378214637862444836773322
287826842753374866356852763748174112218283816168865757521356577637556878172617313723721278262521452651314734486878418166242327233831465257764258344163614386557562513428473238827663772726851254216767237331286345563245412488214673366888427354678155821683461664381451638622873286216542473128416457182678681724384688541784742522247517214821164466626516728281547712553537527134877748836377511174133338787247574655321824475518788862658566133121767138163518736672132657341757378744225711517251631566884315286825
775642664663242882447682428164752776455153514863631455543372634348126172746514418523212425747858773742282114751411241185382288876321234544887468883735134441444652232511475828886138257412442142144668813338416477787473513145885252318754662152868155558343824711813125733154142843754618858275258863244673458148487175836365147654525467332518386281247148586458815625257382446471638785558831184462884628264514852217136527353542258638716255482367786362738827447553185541124526567788114436432156867662354884757472
661555122811822875578254641133587641282614452813257675371851588244853542758518711552551818317211262173616638837787587517887235513783177166242328883433611866654723333686621728551223724531376422768661741346652643376266348583341521855211286738232117772611267255784276263574653184283777321168612152777188445521355646174284483665684474744371347761633476881686578717843757265551632251486214166162355524663465656272544178646678671438442565571423612574633341478581752121456777244163161116413118613647257138681422
